@Article{beattie:2016,
  author      = {Charles Beattie AND Joel Z. Leibo AND Denis Teplyashin AND Tom Ward AND Marcus Wainwright AND Heinrich Küttler AND Andrew Lefrancq AND Simon Green AND Víctor Valdés AND Amir Sadik AND Julian Schrittwieser AND Keith Anderson AND Sarah York AND Max Cant AND Adam Cain AND Adrian Bolton AND Stephen Gaffney AND Helen King AND Demis Hassabis AND Shane Legg AND Stig Petersen},
  title       = {DeepMind Lab},
  version     = {1},
  date        = {2016-12-12},
  eprinttype  = {arxiv},
  eprintclass = {cs.AI},
  eprint      = {http://arxiv.org/abs/1612.03801v2},
  url         = {http://arxiv.org/abs/1612.03801v2}
}

@misc{1606.01540,
  Author = {Greg Brockman and Vicki Cheung and Ludwig Pettersson and Jonas Schneider and John Schulman and Jie Tang and Wojciech Zaremba},
  Title = {OpenAI Gym},
  Year = {2016},
  Eprint = {arXiv:1606.01540},
}

@article{LanctotEtAl2019OpenSpiel,
  title     = {{OpenSpiel}: A Framework for Reinforcement Learning in Games},
  author    = {Marc Lanctot and Edward Lockhart and Jean-Baptiste Lespiau and
               Vinicius Zambaldi and Satyaki Upadhyay and Julien P\'{e}rolat and
               Sriram Srinivasan and Finbarr Timbers and Karl Tuyls and
               Shayegan Omidshafiei and Daniel Hennes and Dustin Morrill and
               Paul Muller and Timo Ewalds and Ryan Faulkner and J\'{a}nos Kram\'{a}r
               and Bart De Vylder and Brennan Saeta and James Bradbury and David Ding
               and Sebastian Borgeaud and Matthew Lai and Julian Schrittwieser and
               Thomas Anthony and Edward Hughes and Ivo Danihelka and Jonah Ryan-Davis},
  year      = {2019},
  eprint    = {1908.09453},
  archivePrefix = {arXiv},
  primaryClass = {cs.LG},
  journal   = {CoRR},
  volume    = {abs/1908.09453},
  url       = {http://arxiv.org/abs/1908.09453},
}

@ARTICLE{6313077,
  author={A. G. {Barto} and R. S. {Sutton} and C. W. {Anderson}},
  journal={IEEE Transactions on Systems, Man, and Cybernetics}, 
  title={Neuronlike adaptive elements that can solve difficult learning control problems}, 
  year={1983},
  volume={SMC-13},
  number={5},
  pages={834-846},
  doi={10.1109/TSMC.1983.6313077}
}

@misc{plappert2016kerasrl,
    author = {Matthias Plappert},
    title = {keras-rl},
    year = {2016},
    publisher = {GitHub},
    journal = {GitHub repository},
    howpublished = {\url{https://github.com/keras-rl/keras-rl}},
}

@misc{tensorforce,
  author       = {Kuhnle, Alexander and Schaarschmidt, Michael and Fricke, Kai},
  title        = {Tensorforce: a TensorFlow library for applied reinforcement learning},
  howpublished = {Web page},
  url          = {https://github.com/tensorforce/tensorforce},
  year         = {2017}
}

@misc{baselines,
  author = {Dhariwal, Prafulla and Hesse, Christopher and Klimov, Oleg and Nichol, Alex and Plappert, Matthias and Radford, Alec and Schulman, John and Sidor, Szymon and Wu, Yuhuai and Zhokhov, Peter},
  title = {OpenAI Baselines},
  year = {2017},
  publisher = {GitHub},
  journal = {GitHub repository},
  howpublished = {\url{https://github.com/openai/baselines}},
}

@misc{stable-baselines,
  author = {Hill, Ashley and Raffin, Antonin and Ernestus, Maximilian and Gleave, Adam and Kanervisto, Anssi and Traore, Rene and Dhariwal, Prafulla and Hesse, Christopher and Klimov, Oleg and Nichol, Alex and Plappert, Matthias and Radford, Alec and Schulman, John and Sidor, Szymon and Wu, Yuhuai},
  title = {Stable Baselines},
  year = {2018},
  publisher = {GitHub},
  journal = {GitHub repository},
  howpublished = {\url{https://github.com/hill-a/stable-baselines}},
}

@Article{mnih:2016,
  author      = {Volodymyr Mnih AND Adrià Puigdomènech Badia AND Mehdi Mirza AND Alex Graves AND Timothy P. Lillicrap AND Tim Harley AND David Silver AND Koray Kavukcuoglu},
  title       = {Asynchronous Methods for Deep Reinforcement Learning},
  version     = {1},
  date        = {2016-02-04},
  eprinttype  = {arxiv},
  eprintclass = {cs.LG},
  eprint      = {http://arxiv.org/abs/1602.01783v2},
  url         = {http://arxiv.org/abs/1602.01783v2}
}

@Article{wang:2016,
  author      = {Ziyu Wang AND Victor Bapst AND Nicolas Heess AND Volodymyr Mnih AND Remi Munos AND Koray Kavukcuoglu AND Nando de Freitas},
  title       = {Sample Efficient Actor-Critic with Experience Replay},
  version     = {1},
  date        = {2016-11-04},
  eprinttype  = {arxiv},
  eprintclass = {cs.LG},
  eprint      = {http://arxiv.org/abs/1611.01224v2},
  url         = {http://arxiv.org/abs/1611.01224v2}
}

@Article{munos:2016,
  author      = {Rémi Munos AND Tom Stepleton AND Anna Harutyunyan AND Marc G. Bellemare},
  title       = {Safe and Efficient Off-Policy Reinforcement Learning},
  version     = {1},
  date        = {2016-06-08},
  eprinttype  = {arxiv},
  eprintclass = {cs.LG, cs.AI, stat.ML},
  eprint      = {http://arxiv.org/abs/1606.02647v2},
  url         = {http://arxiv.org/abs/1606.02647v2}
}

@Article{wu:2017,
  author      = {Yuhuai Wu AND Elman Mansimov AND Shun Liao AND Roger Grosse AND Jimmy Ba},
  title       = {Scalable trust-region method for deep reinforcement learning using Kronecker-factored approximation},
  version     = {1},
  date        = {2017-08-17},
  eprinttype  = {arxiv},
  eprintclass = {cs.LG},
  eprint      = {http://arxiv.org/abs/1708.05144v2},
  url         = {http://arxiv.org/abs/1708.05144v2}
}

@Article{schulman:2015,
  author      = {John Schulman AND Sergey Levine AND Philipp Moritz AND Michael I. Jordan AND Pieter Abbeel},
  title       = {Trust Region Policy Optimization},
  version     = {1},
  date        = {2015-02-19},
  eprinttype  = {arxiv},
  eprintclass = {cs.LG},
  eprint      = {http://arxiv.org/abs/1502.05477v5},
  url         = {http://arxiv.org/abs/1502.05477v5}
}

@Article{grosse:2016,
  author      = {Roger Grosse AND James Martens},
  title       = {A Kronecker-factored approximate Fisher matrix for convolution layers},
  version     = {1},
  date        = {2016-02-03},
  eprinttype  = {arxiv},
  eprintclass = {stat.ML, cs.LG},
  eprint      = {http://arxiv.org/abs/1602.01407v2},
  url         = {http://arxiv.org/abs/1602.01407v2}
}

@Article{lillicrap:2015,
  author      = {Timothy P. Lillicrap AND Jonathan J. Hunt AND Alexander Pritzel AND Nicolas Heess AND Tom Erez AND Yuval Tassa AND David Silver AND Daan Wierstra},
  title       = {Continuous control with deep reinforcement learning},
  version     = {1},
  date        = {2015-09-10},
  eprinttype  = {arxiv},
  eprintclass = {cs.LG, stat.ML},
  eprint      = {http://arxiv.org/abs/1509.02971v6},
  url         = {http://arxiv.org/abs/1509.02971v6}
}

@Article{mnih:2013,
  author      = {Volodymyr Mnih AND Koray Kavukcuoglu AND David Silver AND Alex Graves AND Ioannis Antonoglou AND Daan Wierstra AND Martin Riedmiller},
  title       = {Playing Atari with Deep Reinforcement Learning},
  version     = {1},
  date        = {2013-12-19},
  eprinttype  = {arxiv},
  eprintclass = {cs.LG},
  eprint      = {http://arxiv.org/abs/1312.5602v1},
  url         = {http://arxiv.org/abs/1312.5602v1}
}

@Article{schulman:2017,
  author      = {John Schulman AND Filip Wolski AND Prafulla Dhariwal AND Alec Radford AND Oleg Klimov},
  title       = {Proximal Policy Optimization Algorithms},
  version     = {1},
  date        = {2017-07-20},
  eprinttype  = {arxiv},
  eprintclass = {cs.LG},
  eprint      = {http://arxiv.org/abs/1707.06347v2},
  url         = {http://arxiv.org/abs/1707.06347v2}
}

@book{rlintro:2015,
  title     = "Reinforcement Learning: An Introduction, Second edition",
  author    = "Richard S. Sutton AND Andrew G. Barto",
  year      = 2015,
  publisher = "The MIT PressCambridge, Massachusetts",
  address   = "London"
}

@Article{ho:2016,
  author      = {Jonathan Ho AND Stefano Ermon},
  title       = {Generative Adversarial Imitation Learning},
  version     = {1},
  date        = {2016-06-10},
  eprinttype  = {arxiv},
  eprintclass = {cs.LG, cs.AI},
  eprint      = {http://arxiv.org/abs/1606.03476v1},
  url         = {http://arxiv.org/abs/1606.03476v1}
}

@Article{andrychowicz:2017,
  author      = {Marcin Andrychowicz AND Filip Wolski AND Alex Ray AND Jonas Schneider AND Rachel Fong AND Peter Welinder AND Bob McGrew AND Josh Tobin AND Pieter Abbeel AND Wojciech Zaremba},
  title       = {Hindsight Experience Replay},
  version     = {1},
  date        = {2017-07-05},
  eprinttype  = {arxiv},
  eprintclass = {cs.LG, cs.AI, cs.NE, cs.RO},
  eprint      = {http://arxiv.org/abs/1707.01495v3},
  url         = {http://arxiv.org/abs/1707.01495v3}
}

@Article{kanervisto:2020,
  author      = {Anssi Kanervisto AND Christian Scheller AND Ville Hautamäki},
  title       = {Action Space Shaping in Deep Reinforcement Learning},
  version     = {1},
  date        = {2020-04-02},
  eprinttype  = {arxiv},
  eprintclass = {cs.AI},
  eprint      = {http://arxiv.org/abs/2004.00980v2},
  url         = {http://arxiv.org/abs/2004.00980v2}
}

@Article{haarnoja:2018,
  author      = {Tuomas Haarnoja AND Aurick Zhou AND Pieter Abbeel AND Sergey Levine},
  title       = {Soft Actor-Critic: Off-Policy Maximum Entropy Deep Reinforcement Learning with a Stochastic Actor},
  version     = {1},
  date        = {2018-01-04},
  eprinttype  = {arxiv},
  eprintclass = {cs.LG, cs.AI, stat.ML},
  eprint      = {http://arxiv.org/abs/1801.01290v2},
  url         = {http://arxiv.org/abs/1801.01290v2}
}

@Article{fujimoto:2018,
  author      = {Scott Fujimoto AND Herke van Hoof AND David Meger},
  title       = {Addressing Function Approximation Error in Actor-Critic Methods},
  version     = {1},
  date        = {2018-02-26},
  eprinttype  = {arxiv},
  eprintclass = {cs.AI, cs.LG, stat.ML},
  eprint      = {http://arxiv.org/abs/1802.09477v3},
  url         = {http://arxiv.org/abs/1802.09477v3}
}

@book{Sutton1998,
  added-at = {2019-07-13T10:11:53.000+0200},
  author = {Sutton, Richard S. and Barto, Andrew G.},
  biburl = {https://www.bibsonomy.org/bibtex/2f46601cf8b13d39d1378af0d79438b12/lanteunis},
  edition = {Second},
  interhash = {ac6b144aaec1819919a2fba9f705c852},
  intrahash = {f46601cf8b13d39d1378af0d79438b12},
  keywords = {},
  publisher = {The MIT Press},
  timestamp = {2019-07-13T10:11:53.000+0200},
  title = {Reinforcement Learning: An Introduction},
  url = {http://incompleteideas.net/book/the-book-2nd.html},
  year = {2018 }
}